@article{bengio2013representation,
  title={Representation learning: A review and new perspectives},
  author={Bengio, Yoshua and Courville, Aaron and Vincent, Pascal},
  journal={IEEE transactions on pattern analysis and machine intelligence},
  volume={35},
  number={8},
  pages={1798--1828},
  year={2013},
  publisher={IEEE}
}

@article{schmidhuber2015deep,
  title={Deep learning in neural networks: An overview},
  author={Schmidhuber, J{\"u}rgen},
  journal={Neural networks},
  volume={61},
  pages={85--117},
  year={2015},
  publisher={Elsevier}
}

@inproceedings{krizhevsky2012imagenet,
  title={Imagenet classification with deep convolutional neural networks},
  author={Krizhevsky, Alex and Sutskever, Ilya and Hinton, Geoffrey E},
  booktitle={Advances in neural information processing systems},
  pages={1097--1105},
  year={2012}
}

@article{bengio2009learning,
  title={Learning deep architectures for AI},
  author={Bengio, Yoshua and others},
  journal={Foundations and trends{\textregistered} in Machine Learning},
  volume={2},
  number={1},
  pages={1--127},
  year={2009},
  publisher={Now Publishers, Inc.}
}

@article{lecun2015deep,
  title={Deep learning},
  author={LeCun, Yann and Bengio, Yoshua and Hinton, Geoffrey},
  journal={nature},
  volume={521},
  number={7553},
  pages={436--444},
  year={2015},
  publisher={Nature Publishing Group}
}

@article{lim2019algorithmic,
  title={Algorithmic decision-making in AVs: Understanding ethical and technical concerns for smart cities},
  author={Lim, Hazel Si Min and Taeihagh, Araz},
  journal={Sustainability},
  volume={11},
  number={20},
  pages={5791},
  year={2019},
  publisher={Multidisciplinary Digital Publishing Institute}
}

@article{goodfellow2018making,
  title={Making machine learning robust against adversarial inputs},
  author={Goodfellow, Ian and McDaniel, Patrick and Papernot, Nicolas},
  journal={Communications of the ACM},
  volume={61},
  number={7},
  pages={56--66},
  year={2018},
  publisher={ACM New York, NY, USA}
}

@article{vincent2017magic,
  title={Magic AI: These are the optical illusions that trick, fool, and flummox computers},
  author={Vincent, James},
  journal={The Verge},
  year={2017}
}

@article{biggio2018wild,
  title={Wild patterns: Ten years after the rise of adversarial machine learning},
  author={Biggio, Battista and Roli, Fabio},
  journal={Pattern Recognition},
  volume={84},
  pages={317--331},
  year={2018},
  publisher={Elsevier}
}